<record><leader>00000cas a2200000 a 4500</leader><controlfield tag="001">19110662</controlfield><controlfield tag="008">890207d19311932tnuwr ne      0    0eng d</controlfield><datafield ind1=" " ind2=" " tag="010"><subfield code="a">sn 89058169 </subfield></datafield><datafield ind1=" " ind2=" " tag="040"><subfield code="a">KNP</subfield><subfield code="b">eng</subfield><subfield code="c">KNP</subfield><subfield code="d">TGN</subfield><subfield code="d">OCL</subfield><subfield code="d">OCLCQ</subfield><subfield code="d">OCLCO</subfield></datafield><datafield ind1="1" ind2=" " tag="029"><subfield code="a">AU@</subfield><subfield code="b">000020271067</subfield></datafield><datafield ind1=" " ind2=" " tag="042"><subfield code="a">msc</subfield></datafield><datafield ind1=" " ind2=" " tag="043"><subfield code="a">n-us-tn</subfield></datafield><datafield ind1="0" ind2=" " tag="130"><subfield code="a">Union (Loretto, Tenn.)</subfield></datafield><datafield ind1="1" ind2="4" tag="245"><subfield code="a">The union.</subfield></datafield><datafield ind1=" " ind2=" " tag="260"><subfield code="a">Loretto, Tenn. :</subfield><subfield code="b">The Crawfords,</subfield><subfield code="c">1931-1932.</subfield></datafield><datafield ind1=" " ind2=" " tag="300"><subfield code="a">v. :</subfield><subfield code="b">ill.</subfield></datafield><datafield ind1=" " ind2=" " tag="310"><subfield code="a">Weekly</subfield></datafield><datafield ind1="0" ind2=" " tag="362"><subfield code="a">Vol. 1, no. 32 (Sept. 9, 1931)-v. 2, no. 20 (Aug. 3, 1932).</subfield></datafield><datafield ind1=" " ind2=" " tag="500"><subfield code="a">Editor: Charles Travis Crawford [Sr.], 1931-1932.</subfield></datafield><datafield ind1=" " ind2=" " tag="580"><subfield code="a">Merged with: Democrat (Lawrenceburg, Tenn.), to form: Democrat-union.</subfield></datafield><datafield ind1=" " ind2="0" tag="651"><subfield code="a">Loretto (Tenn.)</subfield><subfield code="v">Newspapers.</subfield></datafield><datafield ind1=" " ind2="0" tag="651"><subfield code="a">Lawrence County (Tenn.)</subfield><subfield code="v">Newspapers.</subfield></datafield><datafield ind1=" " ind2=" " tag="752"><subfield code="a">United States</subfield><subfield code="b">Tennessee</subfield><subfield code="c">Lawrence</subfield><subfield code="d">Loretto.</subfield></datafield><datafield ind1="0" ind2="7" tag="780"><subfield code="t">Lawrence democrat-union</subfield><subfield code="w">(DLC)sn 97065071</subfield></datafield><datafield ind1="1" ind2="7" tag="785"><subfield code="t">Democrat (Lawrenceburg, Tenn.)</subfield><subfield code="w">(DLC)sn 97065070</subfield></datafield><datafield ind1="1" ind2="7" tag="785"><subfield code="t">Democrat-union</subfield><subfield code="w">(DLC)sn 89058348</subfield></datafield></record>